<record><leader>00000cas a22000007a 4500</leader><controlfield tag="001">10597726</controlfield><controlfield tag="008">840405d18651866vtucr ne      0    0eng d</controlfield><datafield ind1=" " ind2=" " tag="010"><subfield code="a">sn 84022858 </subfield></datafield><datafield ind1=" " ind2=" " tag="040"><subfield code="a">NPX</subfield><subfield code="b">eng</subfield><subfield code="c">NPX</subfield><subfield code="d">RHN</subfield><subfield code="d">DLC</subfield><subfield code="d">OCLCG</subfield><subfield code="d">OCLCQ</subfield><subfield code="d">IUL</subfield></datafield><datafield ind1=" " ind2=" " tag="042"><subfield code="a">msc</subfield></datafield><datafield ind1=" " ind2=" " tag="043"><subfield code="a">n-us-vt</subfield></datafield><datafield ind1="0" ind2="0" tag="245"><subfield code="a">Vermont semi-weekly record.</subfield></datafield><datafield ind1=" " ind2=" " tag="260"><subfield code="a">Brattleboro, Vt. :</subfield><subfield code="b">Milliken &amp; Burt</subfield></datafield><datafield ind1=" " ind2=" " tag="300"><subfield code="a">2 v. ;</subfield><subfield code="c">52 cm.</subfield></datafield><datafield ind1=" " ind2=" " tag="310"><subfield code="a">Semiweekly</subfield></datafield><datafield ind1="0" ind2=" " tag="362"><subfield code="a">-v. 2, no. 26 (Mar. 30, 1866).</subfield></datafield><datafield ind1="1" ind2=" " tag="362"><subfield code="a">Began in Jan. 1865.</subfield><subfield code="z">Cf. Gregory, W. Amer. newspapers.</subfield></datafield><datafield ind1=" " ind2=" " tag="500"><subfield code="a">"Semi-weekly" appears in title ornament.</subfield></datafield><datafield ind1=" " ind2=" " tag="500"><subfield code="a">Publishers: H.M. Burt &lt;1865&gt;; D.L. Milliken &lt;1865&gt;-1866.</subfield></datafield><datafield ind1=" " ind2=" " tag="500"><subfield code="a">Editors: D.L. Milliken &lt;1865&gt;-1866; H.M. Burt &lt;1865&gt;; C.D. Noble &lt;1865&gt;.</subfield></datafield><datafield ind1=" " ind2=" " tag="588"><subfield code="a">Description based on: Vol. 1, no. 4 (Jan. 24, 1865).</subfield></datafield><datafield ind1="1" ind2=" " tag="700"><subfield code="a">Milliken, D. L.</subfield><subfield code="q">(Daniel Lake),</subfield><subfield code="d">1837-1905.</subfield></datafield><datafield ind1="1" ind2=" " tag="700"><subfield code="a">Burt, Henry M.</subfield><subfield code="q">(Henry Martyn),</subfield><subfield code="d">1831-1899.</subfield></datafield><datafield ind1="1" ind2=" " tag="700"><subfield code="a">Noble, C. D.</subfield></datafield><datafield ind1=" " ind2=" " tag="752"><subfield code="a">United States</subfield><subfield code="b">Vermont</subfield><subfield code="c">Windham</subfield><subfield code="d">Brattleboro.</subfield></datafield><datafield ind1="0" ind2=" " tag="775"><subfield code="t">Vermont record (Brandon, Vt.)</subfield><subfield code="w">(DLC)sn 84022872</subfield><subfield code="w">(OCoLC)10648352</subfield></datafield></record>